<record><leader>00000cas a22000007a 4500</leader><controlfield tag="001">13054462</controlfield><controlfield tag="008">860123d18911956inuwr ne      0    0eng d</controlfield><datafield ind1=" " ind2=" " tag="010"><subfield code="a">sn 86058019 </subfield></datafield><datafield ind1=" " ind2=" " tag="040"><subfield code="a">NPI</subfield><subfield code="b">eng</subfield><subfield code="c">NPI</subfield><subfield code="d">NPT</subfield><subfield code="d">NPI</subfield><subfield code="d">OCLCQ</subfield></datafield><datafield ind1=" " ind2=" " tag="042"><subfield code="a">msc</subfield></datafield><datafield ind1="0" ind2=" " tag="130"><subfield code="a">Tell City news (Tell City, Ind. : 1891)</subfield></datafield><datafield ind1="1" ind2="4" tag="245"><subfield code="a">The Tell City news.</subfield></datafield><datafield ind1=" " ind2=" " tag="260"><subfield code="a">Tell City, Ind. :</subfield><subfield code="b">News Pub. Co.,</subfield><subfield code="c">1891-1956.</subfield></datafield><datafield ind1=" " ind2=" " tag="300"><subfield code="a">v. :</subfield><subfield code="b">ill. ;</subfield><subfield code="c">54 cm.</subfield></datafield><datafield ind1=" " ind2=" " tag="310"><subfield code="a">Weekly</subfield></datafield><datafield ind1="0" ind2=" " tag="362"><subfield code="a">Vol. 1, no. 1 (Apr. 18, 1891)-v. 65, 36 (Feb. 24, 1956).</subfield></datafield><datafield ind1=" " ind2=" " tag="752"><subfield code="a">United States</subfield><subfield code="b">Indiana</subfield><subfield code="c">Perry</subfield><subfield code="d">Tell City.</subfield></datafield><datafield ind1="0" ind2="5" tag="780"><subfield code="t">Perry County herald</subfield><subfield code="w">(DLC)sn 86058878</subfield></datafield><datafield ind1="0" ind2="0" tag="785"><subfield code="t">Friday news</subfield><subfield code="w">(DLC)sn 86058020</subfield><subfield code="w">(OCoLC)13054560</subfield></datafield></record>